@MISC {eleitores2018,
    author = "Acessoria de comunicação",
    title  = "Brasil tem 147,3 milhões de eleitores aptos a votar nas Eleições 2018",
    month  = "aug",
    year   = "2018",
    url    = "http://www.tse.jus.br/imprensa/noticias-tse/2018/Agosto/brasil-tem-147-3-milhoes-de-eleitores-aptos-\\a-votar-nas-eleicoes-2018"
}

@MISC {christinazeeh2013,
    author = "Christina Zeeh",
    title  = "The Lempel Ziv Algorithm",
    month  = "jan",
    year   = "2013"
}

@ARTICLE {arroyueloetal2017,
    author  = "ARROYUELO and others",
    title   = "lz78 compression in de sufixos. low main memory space",
    journal = "SPIRE",
    year    = "2017",
    volume  = "10508 of LNCS",
    pages   = "38-50"
}

@ARTICLE {muthusamy2012,
    author  = "ZHAO; MUTHUSAMY",
    title   = "Parallel computer architecture and programming project report: Implementation and comparison of parallel lz77 and lz78 algorithms",
    journal = "CMS",
    year    = "2012"
}

@BOOK {jziv1977,
    author    = "J. Ziv and A. Lempel",
    title     = "A universal algorithm for sequential data compression",
    publisher = "IEEE Transaction on Information Theory",
    year      = "1977",
    volume    = "IT-23"
}
